<?xml version="1.0" encoding="UTF-8"?><collection xmlns="http://www.loc.gov/MARC21/slim"><record><leader>00571nam--2200205-i-4500</leader><controlfield tag="001">000034214</controlfield><controlfield tag="002">20161230</controlfield><controlfield tag="005">20161230201039</controlfield><controlfield tag="008">060222s1000------------r-----000-0-eng-d</controlfield><datafield ind1=" " ind2=" " tag="040"><subfield code="a">IFIN-HH</subfield></datafield><datafield ind1=" " ind2=" " tag="080"><subfield code="a">539</subfield></datafield><datafield ind1="1" ind2=" " tag="100"><subfield code="a">Mott, N.F</subfield></datafield><datafield ind1="1" ind2="0" tag="245"><subfield code="a">Electronic processes in ionic crystals</subfield><subfield code="c">N.f. mott, r.w. gurney</subfield></datafield><datafield ind1=" " ind2=" " tag="250"><subfield code="a">Second Edition</subfield></datafield><datafield ind1=" " ind2=" " tag="260"><subfield code="a">Oxford</subfield><subfield code="b">Clarendon Press</subfield><subfield code="c">1950</subfield></datafield><datafield ind1=" " ind2=" " tag="300"><subfield code="a">IX + 275P.CU ILUSTR</subfield></datafield><datafield ind1=" " ind2=" " tag="490"><subfield code="a">The International Series Of Monographs On Physics</subfield></datafield><datafield ind1="1" ind2=" " tag="700"><subfield code="a">Gurney, R.W</subfield></datafield><datafield ind1=" " ind2=" " tag="852"><subfield code="a">3619</subfield><subfield code="c">539.2</subfield></datafield><datafield ind1=" " ind2=" " tag="CAT"><subfield code="a">Sys</subfield><subfield code="c">20120718</subfield><subfield code="h">130501</subfield></datafield></record></collection>